@unpublished{DuerholtXXXX,
  author = {Johannes P. Dürholt and Guillaume Fraux and François-Xavier Coudert and Rochus Schmid},
  title = {Ab initio derived force fields for Zeolitic Imidazolate Frameworks: MOF-FF for ZIFs},
  howpublished = {\url{https://chemrxiv.org/articles/link/7322183}},
}

@unpublished{FrauxXXXX,
  author = {Guillaume Fraux and Siwar Chibani and François-Xavier Coudert},
  title = {Modelling of framework materials at multiple scales: current practices and open questions},
  howpublished = {\url{https://chemrxiv.org/articles/link/7322237}},
}

@article{Chaplais2018,
  keywords = {own},
  doi = {10.1021/acs.jpcc.8b08706},
  url = {https://doi.org/10.1021/acs.jpcc.8b08706},
  year  = {2018},
  month = {10},
  publisher = {American Chemical Society ({ACS})},
  volume = {122},
  number = {47},
  pages = {26945--26955},
  author = {G{\'{e}}rald Chaplais and Guillaume Fraux and Jean-Louis Paillaud and Claire Marichal and Habiba Nouali and Alain H. Fuchs and Fran{\c{c}}ois-Xavier Coudert and Jo\"{e}l Patarin},
  title = {Impacts of the Imidazolate Linker Substitution ({CH}3,  Cl,  or Br) on the Structural and Adsorptive Properties of {ZIF}-8},
  journal = {The Journal of Physical Chemistry C}
}

@article{Fraux2018,
  doi = {10.1007/s10450-018-9942-5},
  url = {https://doi.org/10.1007/s10450-018-9942-5},
  year  = {2018},
  month = {3},
  publisher = {Springer Nature},
  volume = {24},
  number = {3},
  pages = {233--241},
  author = {Guillaume Fraux and Anne Boutin and Alain H. Fuchs and Fran{\c{c}}ois-Xavier Coudert},
  title = {On the use of the {IAST} method for gas separation studies in porous materials with gate-opening behavior},
  journal = {Adsorption}
}

@article{Scalfi2018,
  doi = {10.1021/acs.langmuir.8b01115},
  url = {https://doi.org/10.1021/acs.langmuir.8b01115},
  year  = {2018},
  month = {5},
  publisher = {American Chemical Society ({ACS})},
  volume = {34},
  number = {23},
  pages = {6748--6756},
  author = {Laura Scalfi and Guillaume Fraux and Anne Boutin and Fran{\c{c}}ois-Xavier Coudert},
  title = {Structure and Dynamics of Water Confined in Imogolite Nanotubes},
  journal = {Langmuir}
}

@article{Fraux2017-2,
  doi = {10.1039/c7cs00478h},
  url = {https://doi.org/10.1039/c7cs00478h},
  year  = {2017},
  publisher = {Royal Society of Chemistry ({RSC})},
  volume = {46},
  number = {23},
  pages = {7421--7437},
  author = {Guillaume Fraux and Fran{\c{c}}ois-Xavier Coudert and Anne Boutin and Alain H. Fuchs},
  title = {Forced intrusion of water and aqueous solutions in microporous materials: from fundamental thermodynamics to energy storage devices},
  journal = {Chemical Society Reviews}
}

@article{Fraux2017,
  doi = {10.1039/c7cc03306k},
  url = {https://doi.org/10.1039/c7cc03306k},
  year  = {2017},
  publisher = {Royal Society of Chemistry ({RSC})},
  volume = {53},
  number = {53},
  pages = {7211--7221},
  author = {Guillaume Fraux and Fran{\c{c}}ois-Xavier Coudert},
  title = {Recent advances in the computational chemistry of soft porous crystals},
  journal = {Chemical Communications}
}

@article{Evans2016,
  doi = {10.1021/acs.chemmater.6b02994},
  url = {https://doi.org/10.1021/acs.chemmater.6b02994},
  year  = {2016},
  month = {9},
  publisher = {American Chemical Society ({ACS})},
  volume = {29},
  number = {1},
  pages = {199--212},
  author = {Jack D. Evans and Guillaume Fraux and Romain Gaillac and Daniela Kohen and Fabien Trousselet and Jean-Mathieu Vanson and Fran{\c{c}}ois-Xavier Coudert},
  title = {Computational Chemistry Methods for Nanoporous Materials},
  journal = {Chemistry of Materials}
}
