@online{fx-citable-data,
  author = {Guillaume Fraux and François-Xavier Coudert and others},
  title = {Citable data produced by the Coudert research group},
  url = {https://github.com/fxcoudert/citable-data},
}

@article{Coudert2008,
  doi = {10.1021/ja805129c},
  url = {https://doi.org/10.1021/ja805129c},
  year  = {2008},
  month = {10},
  publisher = {American Chemical Society ({ACS})},
  volume = {130},
  number = {43},
  pages = {14294--14302},
  author = {François-Xavier Coudert and Marie Jeffroy and Alain H. Fuchs and Anne Boutin and Caroline Mellot-Draznieks},
  title = {Thermodynamics of Guest-Induced Structural Transitions in Hybrid Organic-Inorganic Frameworks},
  journal = {Journal of the American Chemical Society}
}

@article{Coudert2009,
  doi = {10.1021/ja904123f},
  url = {https://doi.org/10.1021/ja904123f},
  year  = {2009},
  month = {8},
  publisher = {American Chemical Society ({ACS})},
  volume = {131},
  number = {32},
  pages = {11329--11331},
  author = {François-Xavier Coudert and Caroline Mellot-Draznieks and Alain H. Fuchs and Anne Boutin},
  title = {Prediction of Breathing and Gate-Opening Transitions Upon Binary Mixture Adsorption in Metal-Organic Frameworks},
  journal = {Journal of the American Chemical Society}
}

@article{Coudert2010,
  doi = {10.1039/c003434g},
  url = {https://doi.org/10.1039/c003434g},
  year  = {2010},
  publisher = {Royal Society of Chemistry ({RSC})},
  volume = {12},
  number = {36},
  pages = {10904},
  author = {François-Xavier Coudert},
  title = {The osmotic framework adsorbed solution theory: predicting mixture coadsorption in flexible nanoporous materials},
  journal = {Physical Chemistry Chemical Physics}
}

@article{Coudert2013,
  doi = {10.1021/jz4013849},
  url = {https://doi.org/10.1021/jz4013849},
  year  = {2013},
  month = {9},
  publisher = {American Chemical Society ({ACS})},
  volume = {4},
  number = {19},
  pages = {3198--3205},
  author = {François-Xavier Coudert and Anne Boutin and Alain H. Fuchs and Alexander V. Neimark},
  title = {Adsorption Deformation and Structural Transitions in Metal-Organic Frameworks: From the Unit Cell to the Crystal},
  journal = {The Journal of Physical Chemistry Letters}
}

@article{Coudert2014,
  doi = {10.1080/00268976.2014.889325},
  url = {https://doi.org/10.1080/00268976.2014.889325},
  year  = {2014},
  month = {2},
  publisher = {Informa {UK} Limited},
  volume = {112},
  number = {9-10},
  pages = {1257--1261},
  author = {François-Xavier Coudert and Anne Boutin and Alain H. Fuchs},
  title = {A thermodynamic description of the adsorption-induced structural transitions in flexible {MIL}-53 metal-organic framework},
  journal = {Molecular Physics}
}

@article{Coudert2015,
  doi = {10.1021/acs.chemmater.5b00046},
  url = {https://doi.org/10.1021/acs.chemmater.5b00046},
  year  = {2015},
  month = {2},
  publisher = {American Chemical Society ({ACS})},
  volume = {27},
  number = {6},
  pages = {1905--1916},
  author = {François-Xavier Coudert},
  title = {Responsive Metal-Organic Frameworks and Framework Materials: Under Pressure, Taking the Heat, in the Spotlight, with Friends},
  journal = {Chemistry of Materials}
}

@article{Coudert2017,
  doi = {10.1002/cphc.201700463},
  url = {https://doi.org/10.1002/cphc.201700463},
  year  = {2017},
  month = {8},
  publisher = {Wiley},
  volume = {18},
  number = {19},
  pages = {2732--2738},
  author = {François-Xavier Coudert},
  title = {Molecular Mechanism of Swing Effect in Zeolitic Imidazolate Framework {ZIF}-8: Continuous Deformation upon Adsorption},
  journal = {{ChemPhysChem}}
}

@article{Li2016,
  doi = {10.1039/c5ta09029f},
  url = {https://doi.org/10.1039/c5ta09029f},
  year  = {2016},
  publisher = {Royal Society of Chemistry ({RSC})},
  volume = {4},
  number = {3},
  pages = {751--755},
  author = {Libo Li and Rajamani Krishna and Yong Wang and Jiangfeng Yang and Xiaoqing Wang and Jinping Li},
  title = {Exploiting the gate opening effect in a flexible {MOF} for selective adsorption of propyne from C1/C2/C3 hydrocarbons},
  journal = {Journal of Materials Chemistry A}
}

@article{Jeffroy2008,
  doi = {10.1039/b805117h},
  url = {https://doi.org/10.1039/b805117h},
  year  = {2008},
  publisher = {Royal Society of Chemistry ({RSC})},
  number = {28},
  pages = {3275},
  author = {Marie Jeffroy and Alain H. Fuchs and Anne Boutin},
  title = {Structural changes in nanoporous solids due to fluid adsorption: thermodynamic analysis and Monte Carlo simulations},
  journal = {Chemical Communications}
}

@article{Nijem2012,
  doi = {10.1021/ja305754f},
  url = {https://doi.org/10.1021/ja305754f},
  year  = {2012},
  month = {9},
  publisher = {American Chemical Society ({ACS})},
  volume = {134},
  number = {37},
  pages = {15201--15204},
  author = {Nour Nijem and Haohan Wu and Pieremanuele Canepa and Anne Marti and Kenneth J. Balkus and Timo Thonhauser and Jing Li and Yves J. Chabal},
  title = {Tuning the Gate Opening Pressure of Metal-Organic Frameworks ({MOFs}) for the Selective Separation of Hydrocarbons},
  journal = {Journal of the American Chemical Society}
}

@article{Mehta1994,
  doi = {10.1016/0009-2509(94)e0078-5},
  url = {https://doi.org/10.1016/0009-2509(94)e0078-5},
  year  = {1994},
  month = {8},
  publisher = {Elsevier {BV}},
  volume = {49},
  number = {16},
  pages = {2633--2645},
  author = {Manoj Mehta and David A. Kofke},
  title = {Coexistence diagrams of mixtures by molecular simulation},
  journal = {Chemical Engineering Science}
}

@article{Gucuyener2010,
  doi = {10.1021/ja1089765},
  url = {https://doi.org/10.1021/ja1089765},
  year  = {2010},
  month = dec,
  publisher = {American Chemical Society ({ACS})},
  volume = {132},
  number = {50},
  pages = {17704--17706},
  author = {Canan Gücüyener and Johan van den Bergh and Jorge Gascon and Freek Kapteijn},
  title = {Ethane / Ethene Separation Turned on Its Head: Selective Ethane Adsorption on the Metal-Organic Framework {ZIF}-7 through a Gate-Opening Mechanism},
  journal = {Journal of the American Chemical Society}
}

@article{Lan2009,
  doi = {10.1021/ic9002115},
  url = {https://doi.org/10.1021/ic9002115},
  year  = {2009},
  month = {8},
  publisher = {American Chemical Society ({ACS})},
  volume = {48},
  number = {15},
  pages = {7165--7173},
  author = {Anjian Lan and Kunhao Li and Haohan Wu and Lingzhu Kong and Nour Nijem and David H. Olson and Thomas J. Emge and Yves J. Chabal and David C. Langreth and Maochun Hong and Jing Li},
  title = {RPM3: A Multifunctional Microporous {MOF} with Recyclable Framework and High H$_2$ Binding Energy},
  journal = {Inorganic Chemistry}
}

@article{Lueking2016,
  doi = {10.1039/c5dt03432a},
  url = {https://doi.org/10.1039/c5dt03432a},
  year  = {2016},
  publisher = {Royal Society of Chemistry ({RSC})},
  volume = {45},
  number = {10},
  pages = {4242--4257},
  author = {Angela D. Lueking and Cheng-Yu Wang and Sarmishtha Sircar and Christopher Malencia and Hao Wang and Jing Li},
  title = {A generalized adsorption-phase transition model to describe adsorption rates in flexible metal organic framework {RPM}3-Zn},
  journal = {Dalton Transactions}
}

@article{Limousin2007,
  doi = {10.1016/j.apgeochem.2006.09.010},
  url = {https://doi.org/10.1016/j.apgeochem.2006.09.010},
  year  = {2007},
  month = {2},
  publisher = {Elsevier {BV}},
  volume = {22},
  number = {2},
  pages = {249--275},
  author = {G. Limousin and J.-P. Gaudet and L. Charlet and S. Szenknect and V. Barthès and M. Krimissa},
  title = {Sorption isotherms: A review on physical bases,  modeling and measurement},
  journal = {Applied Geochemistry}
}

@article{Horike2009,
  doi = {10.1038/nchem.444},
  url = {https://doi.org/10.1038/nchem.444},
  year  = {2009},
  month = {11},
  publisher = {Springer Nature},
  volume = {1},
  number = {9},
  pages = {695--704},
  author = {Satoshi Horike and Satoru Shimomura and Susumu Kitagawa},
  title = {Soft porous crystals},
  journal = {Nature Chemistry}
}

@article{Myers2014,
  doi = {10.1007/s10450-014-9604-1},
  url = {https://doi.org/10.1007/s10450-014-9604-1},
  year  = {2014},
  month = {3},
  publisher = {Springer Nature},
  volume = {20},
  number = {4},
  pages = {591--622},
  author = {Alan L. Myers and Peter A. Monson},
  title = {Physical adsorption of gases: the case for absolute adsorption as the basis for thermodynamic analysis},
  journal = {Adsorption}
}

@article{Manna2015,
  doi = {10.1039/c5cc06128h},
  url = {https://doi.org/10.1039/c5cc06128h},
  year  = {2015},
  publisher = {Royal Society of Chemistry ({RSC})},
  volume = {51},
  number = {84},
  pages = {15386--15389},
  author = {Biplab Manna and Soumya Mukherjee and Aamod V. Desai and Shivani Sharma and Rajamani Krishna and Sujit K. Ghosh},
  title = {A $\pi$-electron deficient diaminotriazine functionalized {MOF} for selective sorption of benzene over cyclohexane},
  journal = {Chemical Communications}
}

@article{Ortiz2011,
  doi = {10.1021/la203925y},
  url = {https://doi.org/10.1021/la203925y},
  year  = {2011},
  month = dec,
  publisher = {American Chemical Society ({ACS})},
  volume = {28},
  number = {1},
  pages = {494--498},
  author = {Aurélie U. Ortiz and Marie-Anne Springuel-Huet and François-Xavier Coudert and Alain H. Fuchs and Anne Boutin},
  title = {Predicting Mixture Coadsorption in Soft Porous Crystals: Experimental and Theoretical Study of {CO}2/{CH}4 in {MIL}-53(Al)},
  journal = {Langmuir}
}

@article{Li2015,
  doi = {10.1039/c5ta00679a},
  url = {https://doi.org/10.1039/c5ta00679a},
  year  = {2015},
  publisher = {Royal Society of Chemistry ({RSC})},
  volume = {3},
  number = {45},
  pages = {22574--22583},
  author = {Libo Li and Yong Wang and Jiangfeng Yang and Xiaoqing Wang and Jinping Li},
  title = {Targeted capture and pressure/temperature-responsive separation in flexible metal-organic frameworks},
  journal = {Journal of Materials Chemistry A}
}

@article{VanAssche2016,
  doi = {10.1039/c6dt00258g},
  url = {https://doi.org/10.1039/c6dt00258g},
  year  = {2016},
  publisher = {Royal Society of Chemistry ({RSC})},
  volume = {45},
  number = {10},
  pages = {4416--4430},
  author = {Tom R. C. Van Assche and Gino V. Baron and Joeri F. M. Denayer},
  title = {Molecular separations with breathing metal-organic frameworks: modelling packed bed adsorbers},
  journal = {Dalton Transactions}
}

@article{Sanda2013,
  doi = {10.1021/ic402095u},
  url = {https://doi.org/10.1021/ic402095u},
  year  = {2013},
  month = {10},
  publisher = {American Chemical Society ({ACS})},
  volume = {52},
  number = {22},
  pages = {12866--12868},
  author = {Suresh Sanda and Srinivasulu Parshamoni and Sanjit Konar},
  title = {Third-Generation Breathing Metal-Organic Framework with Selective, Stepwise, Reversible, and Hysteretic Adsorption Properties},
  journal = {Inorganic Chemistry}
}

@article{Inubushi2010,
  doi = {10.1039/c0cc01294g},
  url = {https://doi.org/10.1039/c0cc01294g},
  year  = {2010},
  publisher = {Royal Society of Chemistry ({RSC})},
  volume = {46},
  number = {48},
  pages = {9229},
  author = {Yasutaka Inubushi and Satoshi Horike and Tomohiro Fukushima and George Akiyama and Ryotaro Matsuda and Susumu Kitagawa},
  title = {Modification of flexible part in Cu2$^+$ interdigitated framework for {CH}4/{CO}2 separation},
  journal = {Chemical Communications}
}

@article{Hoffmann2011,
  doi = {10.1021/ja201951t},
  url = {https://doi.org/10.1021/ja201951t},
  year  = {2011},
  month = {6},
  publisher = {American Chemical Society ({ACS})},
  volume = {133},
  number = {22},
  pages = {8681--8690},
  author = {Herbert C. Hoffmann and Bassem Assfour and Fanny Epperlein and Nicole Klein and Silvia Paasch and Irena Senkovska and Stefan Kaskel and Gotthard Seifert and Eike Brunner},
  title = {High-Pressure in Situ129Xe {NMR} Spectroscopy and Computer Simulations of Breathing Transitions in the Metal-Organic Framework Ni2(2, 6-ndc)2(dabco) ({DUT}-8(Ni))},
  journal = {Journal of the American Chemical Society}
}

@article{Krishna2011,
  doi = {10.1021/jp202203c},
  url = {https://doi.org/10.1021/jp202203c},
  year  = {2011},
  month = {6},
  publisher = {American Chemical Society ({ACS})},
  volume = {115},
  number = {26},
  pages = {12941--12950},
  author = {Rajamani Krishna and Jeffrey R. Long},
  title = {Screening Metal-Organic Frameworks by Analysis of Transient Breakthrough of Gas Mixtures in a Fixed Bed Adsorber},
  journal = {The Journal of Physical Chemistry C}
}

@article{Foo2016,
  doi = {10.1021/jacs.5b10491},
  url = {https://doi.org/10.1021/jacs.5b10491},
  year  = {2016},
  month = {2},
  publisher = {American Chemical Society ({ACS})},
  volume = {138},
  number = {9},
  pages = {3022--3030},
  author = {Maw Lin Foo and Ryotaro Matsuda and Yuh Hijikata and Rajamani Krishna and Hiroshi Sato and Satoshi Horike and Akihiro Hori and Jingui Duan and Yohei Sato and Yoshiki Kubota and Masaki Takata and Susumu Kitagawa},
  title = {An Adsorbate Discriminatory Gate Effect in a Flexible Porous Coordination Polymer for Selective Adsorption of {CO}2 over C2H2},
  journal = {Journal of the American Chemical Society}
}

@article{Escobedo1998,
  doi = {10.1063/1.475396},
  url = {https://doi.org/10.1063/1.475396},
  year  = {1998},
  month = {6},
  publisher = {{AIP} Publishing},
  volume = {108},
  number = {21},
  pages = {8761--8772},
  author = {Fernando A. Escobedo},
  title = {Novel pseudoensembles for simulation of multicomponent phase equilibria},
  journal = {The Journal of Chemical Physics}
}

@article{Brandani2016,
  doi = {10.1007/s10450-016-9766-0},
  url = {https://doi.org/10.1007/s10450-016-9766-0},
  year  = {2016},
  month = {2},
  publisher = {Springer Nature},
  volume = {22},
  number = {2},
  pages = {261--276},
  author = {Stefano Brandani and Enzo Mangano and Lev Sarkisov},
  title = {Net, excess and absolute adsorption and adsorption of helium},
  journal = {Adsorption}
}

@article{Mukherjee2015,
  doi = {10.1021/acs.inorgchem.5b00206},
  url = {https://doi.org/10.1021/acs.inorgchem.5b00206},
  year  = {2015},
  month = {4},
  publisher = {American Chemical Society ({ACS})},
  volume = {54},
  number = {9},
  pages = {4403--4408},
  author = {Soumya Mukherjee and Biplab Joarder and Aamod V. Desai and Biplab Manna and Rajamani Krishna and Sujit K. Ghosh},
  title = {Exploiting Framework Flexibility of a Metal-Organic Framework for Selective Adsorption of Styrene over Ethylbenzene},
  journal = {Inorganic Chemistry}
}

@article{Zang2011,
  doi = {10.1063/1.3586807},
  url = {https://doi.org/10.1063/1.3586807},
  year  = {2011},
  month = {5},
  publisher = {{AIP} Publishing},
  volume = {134},
  number = {18},
  pages = {184103},
  author = {Ji Zang and Sankar Nair and David S. Sholl},
  title = {Osmotic ensemble methods for predicting adsorption-induced structural transitions in nanoporous materials using molecular simulations},
  journal = {The Journal of Chemical Physics}
}

@article{Mahynski2016,
  doi = {10.1063/1.4966573},
  url = {https://doi.org/10.1063/1.4966573},
  year  = {2016},
  month = {11},
  publisher = {{AIP} Publishing},
  volume = {145},
  number = {17},
  pages = {174709},
  author = {Nathan A. Mahynski and Vincent K. Shen},
  title = {Multicomponent adsorption in mesoporous flexible materials with flat-histogram Monte Carlo methods},
  journal = {The Journal of Chemical Physics}
}

@article{Hijikata2013,
  doi = {10.1021/ic302006x},
  url = {https://doi.org/10.1021/ic302006x},
  year  = {2013},
  month = {3},
  publisher = {American Chemical Society ({ACS})},
  volume = {52},
  number = {7},
  pages = {3634--3642},
  author = {Yuh Hijikata and Satoshi Horike and Masayuki Sugimoto and Munehiro Inukai and Tomohiro Fukushima and Susumu Kitagawa},
  title = {Pore Design of Two-Dimensional Coordination Polymers toward Selective Adsorption},
  journal = {Inorganic Chemistry}
}

@article{Mukherjee2014,
  doi = {10.1038/srep05761},
  url = {https://doi.org/10.1038/srep05761},
  year  = {2014},
  month = {7},
  publisher = {Springer Nature},
  volume = {4},
  number = {1},
  author = {Soumya Mukherjee and Biplab Joarder and Biplab Manna and Aamod V. Desai and Abhijeet K. Chaudhari and Sujit K. Ghosh},
  title = {Framework-Flexibility Driven Selective Sorption of p-Xylene over Other Isomers by a Dynamic Metal-Organic Framework},
  journal = {Scientific Reports}
}

@article{Joarder2014,
  doi = {10.1002/chem.201402855},
  url = {https://doi.org/10.1002/chem.201402855},
  year  = {2014},
  month = {10},
  publisher = {Wiley},
  volume = {20},
  number = {47},
  pages = {15303--15308},
  author = {Biplab Joarder and Soumya Mukherjee and Abhijeet K. Chaudhari and Aamod V. Desai and Biplab Manna and Sujit K. Ghosh},
  title = {Guest-Responsive Function of a Dynamic Metal-Organic Framework with a $\pi$ Lewis Acidic Pore Surface},
  journal = {Chemistry - A European Journal}
}

@article{Shen2002,
  doi = {10.1080/00268970110109943},
  url = {https://doi.org/10.1080/00268970110109943},
  year  = {2002},
  month = {7},
  publisher = {Informa {UK} Limited},
  volume = {100},
  number = {13},
  pages = {2031--2039},
  author = {J. Shen and P. A. Monson},
  title = {A molecular model of adsorption in a dilute semiflexible porous network},
  journal = {Molecular Physics}
}

@article{Myers1965,
  doi = {10.1002/aic.690110125},
  url = {https://doi.org/10.1002/aic.690110125},
  year  = {1965},
  month = {1},
  publisher = {Wiley},
  volume = {11},
  number = {1},
  pages = {121--127},
  author = {A. L. Myers and J. M. Prausnitz},
  title = {Thermodynamics of mixed-gas adsorption},
  journal = {{AIChE} Journal}
}

@article{Kitaura2003,
  doi = {10.1002/anie.200390130},
  url = {https://doi.org/10.1002/anie.200390130},
  year  = {2003},
  month = {1},
  publisher = {Wiley},
  volume = {42},
  number = {4},
  pages = {428--431},
  author = {Ryo Kitaura and Kenji Seki and George Akiyama and Susumu Kitagawa},
  title = {Porous Coordination Polymer Crystals with Gated Channels Specific for Supercritical Gases},
  journal = {Angewandte Chemie International Edition}
}

@article{Simon2016,
  doi = {10.1016/j.cpc.2015.11.016},
  url = {https://doi.org/10.1016/j.cpc.2015.11.016},
  year  = {2016},
  month = {3},
  publisher = {Elsevier {BV}},
  volume = {200},
  pages = {364--380},
  author = {Cory M. Simon and Berend Smit and Maciej Haranczyk},
  title = {{pyIAST}: Ideal adsorbed solution theory ({IAST}) Python package},
  journal = {Computer Physics Communications}
}

@book{Yang1987,
  doi = {10.1016/c2013-0-04269-7},
  url = {https://doi.org/10.1016/c2013-0-04269-7},
  year  = {1987},
  publisher = {Elsevier},
  title = {Gas Separation by Adsorption Processes},
  author = { Yang, R. T. },
}

@article{Sweatman2002,
  doi = {10.1021/la0200358},
  url = {https://doi.org/10.1021/la0200358},
  year  = {2002},
  month = dec,
  publisher = {American Chemical Society ({ACS})},
  volume = {18},
  number = {26},
  pages = {10443--10454},
  author = {M. B. Sweatman and N. Quirke},
  title = {Predicting the Adsorption of Gas Mixtures:~ Adsorbed Solution Theory versus Classical Density Functional Theory},
  journal = {Langmuir}
}

@article{Suwanayuen1980,
  doi = {10.1002/aic.690260112},
  url = {https://doi.org/10.1002/aic.690260112},
  year  = {1980},
  month = {1},
  publisher = {Wiley},
  volume = {26},
  number = {1},
  pages = {68--76},
  author = {Solot Suwanayuen and Ronald P. Danner},
  title = {A gas adsorption isotherm equation based on vacancy solution theory},
  journal = {{AIChE} Journal}
}

@article{Serre2002,
  doi = {10.1021/ja0276974},
  url = {https://doi.org/10.1021/ja0276974},
  year  = {2002},
  month = {11},
  publisher = {American Chemical Society ({ACS})},
  volume = {124},
  number = {45},
  pages = {13519--13526},
  author = {Christian Serre and Franck Millange and Christelle Thouvenot and Marc Noguès and Gérard Marsolier and Daniel Louër and Gérard Férey},
  title = {Very Large Breathing Effect in the First Nanoporous Chromium({III})-Based Solids: {MIL}-53 or {CrIII}(OH)[O2C-C6H4-{CO}2][{HO}2C-C6H4-{CO}2H]x H2Oy},
  journal = {Journal of the American Chemical Society}
}

@article{Banerjee2014,
  doi = {10.1080/02603594.2014.976704},
  url = {https://doi.org/10.1080/02603594.2014.976704},
  year  = {2014},
  month = dec,
  publisher = {Informa {UK} Limited},
  volume = {35},
  number = {1},
  pages = {18--38},
  author = {Debasis Banerjee and Jun Liu and Praveen K. Thallapally},
  title = {Separation of C2 Hydrocarbons by Porous Materials: Metal Organic Frameworks as Platform},
  journal = {Comments on Inorganic Chemistry}
}

@article{Tanaka2008,
  doi = {10.1002/anie.200705822},
  url = {https://doi.org/10.1002/anie.200705822},
  year  = {2008},
  month = {5},
  publisher = {Wiley},
  volume = {47},
  number = {21},
  pages = {3914--3918},
  author = {Daisuke Tanaka and Keiji Nakagawa and Masakazu Higuchi and Satoshi Horike and Yoshiki Kubota and TatsuoC. Kobayashi and Masaki Takata and Susumu Kitagawa},
  title = {Kinetic Gate-Opening Process in a Flexible Porous Coordination Polymer},
  journal = {Angewandte Chemie International Edition}
}

@article{Grimme2006,
  doi = {10.1002/jcc.20495},
  url = {https://doi.org/10.1002/jcc.20495},
  year  = {2006},
  publisher = {Wiley},
  volume = {27},
  number = {15},
  pages = {1787--1799},
  author = {Stefan Grimme},
  title = {Semiempirical {GGA}-type density functional constructed with a long-range dispersion correction},
  journal = {Journal of Computational Chemistry}
}

@article{Grimme2010,
  doi = {10.1063/1.3382344},
  url = {https://doi.org/10.1063/1.3382344},
  year  = {2010},
  month = {4},
  publisher = {{AIP} Publishing},
  volume = {132},
  number = {15},
  pages = {154104},
  author = {Stefan Grimme and Jens Antony and Stephan Ehrlich and Helge Krieg},
  title = {A consistent and accurate ab initio parametrization of density functional dispersion correction ({DFT}-D) for the 94 elements H-Pu},
  journal = {The Journal of Chemical Physics}
}

@book{Tuckerman2010,
  Author = {Mark E. Tuckerman},
  Title = {Statistical Mechanics: Theory and Molecular Simulation (Oxford Graduate Texts)},
  Publisher = {Oxford University Press},
  Year = {2010},
  ISBN = {9780198525264},
}

@article{Park2006,
  doi = {10.1073/pnas.0602439103},
  url = {https://doi.org/10.1073/pnas.0602439103},
  year  = {2006},
  month = {6},
  publisher = {Proceedings of the National Academy of Sciences},
  volume = {103},
  number = {27},
  pages = {10186--10191},
  author = {K. S. Park and Z. Ni and A. P. Cote and J. Y. Choi and R. Huang and F. J. Uribe-Romo and H. K. Chae and M. O{\textquotesingle}Keeffe and O. M. Yaghi},
  title = {Exceptional chemical and thermal stability of zeolitic imidazolate frameworks},
  journal = {Proceedings of the National Academy of Sciences}
}

@article{Bux2011,
  doi = {10.1021/cm200555s},
  url = {https://doi.org/10.1021/cm200555s},
  year  = {2011},
  month = {4},
  publisher = {American Chemical Society ({ACS})},
  volume = {23},
  number = {8},
  pages = {2262--2269},
  author = {Helge Bux and Armin Feldhoff and Janosch Cravillon and Michael Wiebcke and Yan-Shuo Li and Juergen Caro},
  title = {Oriented Zeolitic Imidazolate Framework-8 Membrane with Sharp H2/C3H8Molecular Sieve Separation},
  journal = {Chemistry of Materials}
}

@article{Li2009,
  doi = {10.1021/ja9039983},
  url = {https://doi.org/10.1021/ja9039983},
  year  = {2009},
  month = {8},
  publisher = {American Chemical Society ({ACS})},
  volume = {131},
  number = {30},
  pages = {10368--10369},
  author = {Kunhao Li and David H. Olson and Jonathan Seidel and Thomas J. Emge and Hongwei Gong and Heping Zeng and Jing Li},
  title = {Zeolitic Imidazolate Frameworks for Kinetic Separation of Propane and Propene},
  journal = {Journal of the American Chemical Society}
}

@article{Martnez2009,
  doi = {10.1002/jcc.21224},
  url = {https://doi.org/10.1002/jcc.21224},
  year  = {2009},
  month = {10},
  publisher = {Wiley},
  volume = {30},
  number = {13},
  pages = {2157--2164},
  author = {L. Martínez and R. Andrade and E. G. Birgin and J. M. Martínez},
  title = {{PACKMOL}: A package for building initial configurations for molecular dynamics simulations},
  journal = {Journal of Computational Chemistry}
}

@article{VandeVondele2005,
  doi = {10.1016/j.cpc.2004.12.014},
  url = {https://doi.org/10.1016/j.cpc.2004.12.014},
  year  = {2005},
  month = {4},
  publisher = {Elsevier {BV}},
  volume = {167},
  number = {2},
  pages = {103--128},
  author = {Joost VandeVondele and Matthias Krack and Fawzi Mohamed and Michele Parrinello and Thomas Chassaing and Jürg Hutter},
  title = {Quickstep: Fast and accurate density functional calculations using a mixed Gaussian and plane waves approach},
  journal = {Computer Physics Communications}
}

@article{FairenJimenez2011,
  doi = {10.1021/ja202154j},
  url = {https://doi.org/10.1021/ja202154j},
  year  = {2011},
  month = {6},
  publisher = {American Chemical Society ({ACS})},
  volume = {133},
  number = {23},
  pages = {8900--8902},
  author = {D. Fairen-Jimenez and S. A. Moggach and M. T. Wharmby and P. A. Wright and S. Parsons and T. Düren},
  title = {Opening the Gate: Framework Flexibility in {ZIF}-8 Explored by Experiments and Simulations},
  journal = {Journal of the American Chemical Society}
}

@article{Willems2012,
  doi = {10.1016/j.micromeso.2011.08.020},
  url = {https://doi.org/10.1016/j.micromeso.2011.08.020},
  year  = {2012},
  month = {2},
  publisher = {Elsevier {BV}},
  volume = {149},
  number = {1},
  pages = {134--141},
  author = {Thomas F. Willems and Chris H. Rycroft and Michaeel Kazi and Juan C. Meza and Maciej Haranczyk},
  title = {Algorithms and tools for high-throughput geometry-based analysis of crystalline porous materials},
  journal = {Microporous and Mesoporous Materials}
}

@article{Ania2012,
  doi = {10.1021/jz300292y},
  url = {https://doi.org/10.1021/jz300292y},
  year  = {2012},
  month = {4},
  publisher = {American Chemical Society ({ACS})},
  volume = {3},
  number = {9},
  pages = {1159--1164},
  author = {Conchi O. Ania and E. García-Pérez and M. Haro and J. J. Gutiérrez-Sevillano and T. Valdés-Solís and J. B. Parra and S. Calero},
  title = {Understanding Gas-Induced Structural Deformation of {ZIF}-8},
  journal = {The Journal of Physical Chemistry Letters}
}

@article{London1930,
  doi = {10.1007/bf01421741},
  url = {https://doi.org/10.1007/bf01421741},
  year  = {1930},
  month = {3},
  publisher = {Springer Nature},
  volume = {63},
  number = {3-4},
  pages = {245--279},
  author = {F. London},
  title = {Zur Theorie und Systematik der Molekularkräfte},
  journal = {Zeitschrift für Physik}
}

@article{Rappe1992,
  doi = {10.1021/ja00051a040},
  url = {https://doi.org/10.1021/ja00051a040},
  year  = {1992},
  month = {12},
  publisher = {American Chemical Society ({ACS})},
  volume = {114},
  number = {25},
  pages = {10024--10035},
  author = {A. K. Rappe and C. J. Casewit and K. S. Colwell and W. A. Goddard and W. M. Skiff},
  title = {{UFF},  a full periodic table force field for molecular mechanics and molecular dynamics simulations},
  journal = {Journal of the American Chemical Society}
}

@article{Wang2004,
  doi = {10.1002/jcc.20035},
  url = {https://doi.org/10.1002/jcc.20035},
  year  = {2004},
  publisher = {Wiley},
  volume = {25},
  number = {9},
  pages = {1157--1174},
  author = {Junmei Wang and Romain M. Wolf and James W. Caldwell and Peter A. Kollman and David A. Case},
  title = {Development and testing of a general amber force field},
  journal = {Journal of Computational Chemistry}
}

@article{Allinger1989,
  doi = {10.1021/ja00205a001},
  url = {https://doi.org/10.1021/ja00205a001},
  year  = {1989},
  month = {11},
  publisher = {American Chemical Society ({ACS})},
  volume = {111},
  number = {23},
  pages = {8551--8566},
  author = {Norman L. Allinger and Young H. Yuh and Jenn Huei Lii},
  title = {Molecular mechanics. The {MM}3 force field for hydrocarbons. 1},
  journal = {Journal of the American Chemical Society}
}

@article{Bureekaew2013,
  doi = {10.1002/pssb.201248460},
  url = {https://doi.org/10.1002/pssb.201248460},
  year  = {2013},
  month = {3},
  publisher = {Wiley},
  volume = {250},
  number = {6},
  pages = {1128--1141},
  author = {Sareeya Bureekaew and Saeed Amirjalayer and Maxim Tafipolsky and Christian Spickermann and Tapta Kanchan Roy and Rochus Schmid},
  title = {{MOF}-{FF} - A flexible first-principles derived force field for metal-organic frameworks},
  journal = {physica status solidi (b)}
}

@article{Allinger1994,
  doi = {10.1016/s0166-1280(09)80008-0},
  url = {https://doi.org/10.1016/s0166-1280(09)80008-0},
  year  = {1994},
  month = {1},
  publisher = {Elsevier {BV}},
  volume = {312},
  number = {1},
  pages = {69--83},
  author = {Norman L. Allinger and Xuefeng Zhou and John Bergsma},
  title = {Molecular mechanics parameters},
  journal = {Journal of Molecular Structure: {THEOCHEM}}
}

@article{Hohenberg1964,
  doi = {10.1103/physrev.136.b864},
  url = {https://doi.org/10.1103/physrev.136.b864},
  year  = {1964},
  month = {11},
  publisher = {American Physical Society ({APS})},
  volume = {136},
  number = {3B},
  pages = {B864--B871},
  author = {P. Hohenberg and W. Kohn},
  title = {Inhomogeneous Electron Gas},
  journal = {Physical Review}
}

@article{Kohn1965,
  doi = {10.1103/physrev.140.a1133},
  url = {https://doi.org/10.1103/physrev.140.a1133},
  year  = {1965},
  month = {11},
  publisher = {American Physical Society ({APS})},
  volume = {140},
  number = {4A},
  pages = {A1133--A1138},
  author = {W. Kohn and L. J. Sham},
  title = {Self-Consistent Equations Including Exchange and Correlation Effects},
  journal = {Physical Review}
}

@article{Schrodinger1926,
  doi = {10.1103/physrev.28.1049},
  url = {https://doi.org/10.1103/physrev.28.1049},
  year  = {1926},
  month = {12},
  publisher = {American Physical Society ({APS})},
  volume = {28},
  number = {6},
  pages = {1049--1070},
  author = {E. Schrödinger},
  title = {An Undulatory Theory of the Mechanics of Atoms and Molecules},
  journal = {Physical Review}
}

@article{Born1927,
  doi = {10.1002/andp.19273892002},
  url = {https://doi.org/10.1002/andp.19273892002},
  year  = {1927},
  publisher = {Wiley},
  volume = {389},
  number = {20},
  pages = {457--484},
  author = {M. Born and R. Oppenheimer},
  title = {Zur Quantentheorie der Molekeln},
  journal = {Annalen der Physik}
}

@article{Coupry2016,
  doi = {10.1021/acs.jctc.6b00664},
  url = {https://doi.org/10.1021/acs.jctc.6b00664},
  year  = {2016},
  month = {9},
  publisher = {American Chemical Society ({ACS})},
  volume = {12},
  number = {10},
  pages = {5215--5225},
  author = {Damien E. Coupry and Matthew A. Addicoat and Thomas Heine},
  title = {Extension of the Universal Force Field for Metal{\textendash}Organic Frameworks},
  journal = {Journal of Chemical Theory and Computation}
}

@article{Verploegh2015,
  doi = {10.1021/jacs.5b08746},
  url = {https://doi.org/10.1021/jacs.5b08746},
  year  = {2015},
  month = {12},
  publisher = {American Chemical Society ({ACS})},
  volume = {137},
  number = {50},
  pages = {15760--15771},
  author = {Ross J. Verploegh and Sankar Nair and David S. Sholl},
  title = {Temperature and Loading-Dependent Diffusion of Light Hydrocarbons in {ZIF}-8 as Predicted Through Fully Flexible Molecular Simulations},
  journal = {Journal of the American Chemical Society}
}

@article{Moggach2009,
  doi = {10.1002/anie.200902643},
  url = {https://doi.org/10.1002/anie.200902643},
  year  = {2009},
  month = {9},
  publisher = {Wiley},
  volume = {48},
  number = {38},
  pages = {7087--7089},
  author = {Stephen{\hspace{0.25em}}A. Moggach and Thomas{\hspace{0.25em}}D. Bennett and Anthony{\hspace{0.25em}}K. Cheetham},
  title = {The Effect of Pressure on {ZIF}-8: Increasing Pore Size with Pressure and the Formation of a High-Pressure Phase at 1.47{\hspace{0.25em}}{GPa}},
  journal = {Angewandte Chemie International Edition}
}

@article{FairenJimenez2012,
  doi = {10.1039/c2dt30774j},
  url = {https://doi.org/10.1039/c2dt30774j},
  year  = {2012},
  publisher = {Royal Society of Chemistry ({RSC})},
  volume = {41},
  number = {35},
  pages = {10752},
  author = {David Fairen-Jimenez and Raimondas Galvelis and Antonio Torrisi and Alistair D. Gellan and Michael T. Wharmby and Paul A. Wright and Caroline Mellot-Draznieks and Tina D\"{u}ren},
  title = {Flexibility and swing effect on the adsorption of energy-related gases on {ZIF}-8: combined experimental and simulation study},
  journal = {Dalton Transactions}
}

@article{Sing1985,
  doi = {10.1351/pac198557040603},
  url = {https://doi.org/10.1351/pac198557040603},
  year  = {1985},
  month = {1},
  publisher = {Walter de Gruyter {GmbH}},
  volume = {57},
  number = {4},
  pages = {603--619},
  author = {K. S. W. Sing},
  title = {Reporting physisorption data for gas/solid systems with special reference to the determination of surface area and porosity (Recommendations 1984)},
  journal = {Pure and Applied Chemistry}
}

@article{Addicoat2014,
  doi = {10.1021/ct400952t},
  url = {https://doi.org/10.1021/ct400952t},
  year  = {2014},
  month = {1},
  publisher = {American Chemical Society ({ACS})},
  volume = {10},
  number = {2},
  pages = {880--891},
  author = {Matthew A. Addicoat and Nina Vankova and Ismot Farjana Akter and Thomas Heine},
  title = {Extension of the Universal Force Field to Metal{\textendash}Organic Frameworks},
  journal = {Journal of Chemical Theory and Computation}
}

@article{Vanduyfhuys2015,
  doi = {10.1002/jcc.23877},
  url = {https://doi.org/10.1002/jcc.23877},
  year  = {2015},
  month = {3},
  publisher = {Wiley},
  volume = {36},
  number = {13},
  pages = {1015--1027},
  author = {Louis Vanduyfhuys and Steven Vandenbrande and Toon Verstraelen and Rochus Schmid and Michel Waroquier and Veronique Van Speybroeck},
  title = {{QuickFF}: A program for a quick and easy derivation of force fields for metal-organic frameworks fromab initioinput},
  journal = {Journal of Computational Chemistry}
}

@inproceedings{Perdew2001,
  doi = {10.1063/1.1390175},
  url = {https://doi.org/10.1063/1.1390175},
  year  = {2001},
  publisher = {{AIP}},
  author = {John P. Perdew},
  title = {Jacob's ladder of density functional approximations for the exchange-correlation energy},
  booktitle = {{AIP} Conference Proceedings}
}

@article{Zheng2017,
  doi = {10.1039/c7ra07242b},
  url = {https://doi.org/10.1039/c7ra07242b},
  year  = {2017},
  publisher = {Royal Society of Chemistry ({RSC})},
  volume = {7},
  number = {66},
  pages = {41499--41503},
  author = {Bin Zheng and Yihan Zhu and Fang Fu and Lian Li Wang and Jinlei Wang and Huiling Du},
  title = {Theoretical prediction of the mechanical properties of zeolitic imidazolate frameworks ({ZIFs})},
  journal = {{RSC} Advances}
}

@article{Tan2012,
  doi = {10.1103/physrevlett.108.095502},
  url = {https://doi.org/10.1103/physrevlett.108.095502},
  year  = {2012},
  month = {2},
  publisher = {American Physical Society ({APS})},
  volume = {108},
  number = {9},
  author = {Jin-Chong Tan and Bartolomeo Civalleri and Chung-Cherng Lin and Loredana Valenzano and Raimondas Galvelis and Po-Fei Chen and Thomas D. Bennett and Caroline Mellot-Draznieks and Claudio M. Zicovich-Wilson and Anthony K. Cheetham},
  title = {Exceptionally Low Shear Modulus in a Prototypical Imidazole-Based Metal-Organic Framework},
  journal = {Physical Review Letters}
}

@article{Frenkel1997,
  doi = {10.1063/1.881812},
  url = {https://doi.org/10.1063/1.881812},
  year  = {1997},
  month = {7},
  publisher = {{AIP} Publishing},
  volume = {50},
  number = {7},
  pages = {66--66},
  author = {Daan Frenkel and Berend Smit and Mark A. Ratner},
  title = {Understanding Molecular Simulation: From Algorithms to Applications},
  journal = {Physics Today}
}

@article{Metropolis1953,
  doi = {10.1063/1.1699114},
  url = {https://doi.org/10.1063/1.1699114},
  year  = {1953},
  month = {6},
  publisher = {{AIP} Publishing},
  volume = {21},
  number = {6},
  pages = {1087--1092},
  author = {Nicholas Metropolis and Arianna W. Rosenbluth and Marshall N. Rosenbluth and Augusta H. Teller and Edward Teller},
  title = {Equation of State Calculations by Fast Computing Machines},
  journal = {The Journal of Chemical Physics}
}

@article{Craig2004,
  doi = {10.1063/1.1777575},
  url = {https://doi.org/10.1063/1.1777575},
  year  = {2004},
  month = {8},
  publisher = {{AIP} Publishing},
  volume = {121},
  number = {8},
  pages = {3368--3373},
  author = {Ian R. Craig and David E. Manolopoulos},
  title = {Quantum statistics and classical mechanics: Real time correlation functions from ring polymer molecular dynamics},
  journal = {The Journal of Chemical Physics}
}

@article{Tuckerman1992,
  doi = {10.1063/1.463137},
  url = {https://doi.org/10.1063/1.463137},
  year  = {1992},
  month = {8},
  publisher = {{AIP} Publishing},
  volume = {97},
  number = {3},
  pages = {1990--2001},
  author = {M. Tuckerman and B. J. Berne and G. J. Martyna},
  title = {Reversible multiple time scale molecular dynamics},
  journal = {The Journal of Chemical Physics}
}

@article{Berendsen1984,
  doi = {10.1063/1.448118},
  url = {https://doi.org/10.1063/1.448118},
  year  = {1984},
  month = {10},
  publisher = {{AIP} Publishing},
  volume = {81},
  number = {8},
  pages = {3684--3690},
  author = {H. J. C. Berendsen and J. P. M. Postma and W. F. van Gunsteren and A. DiNola and J. R. Haak},
  title = {Molecular dynamics with coupling to an external bath},
  journal = {The Journal of Chemical Physics}
}

@article{Bussi2007,
  doi = {10.1063/1.2408420},
  url = {https://doi.org/10.1063/1.2408420},
  year  = {2007},
  month = {1},
  publisher = {{AIP} Publishing},
  volume = {126},
  number = {1},
  pages = {014101},
  author = {Giovanni Bussi and Davide Donadio and Michele Parrinello},
  title = {Canonical sampling through velocity rescaling},
  journal = {The Journal of Chemical Physics}
}

@article{Nose1984,
  doi = {10.1063/1.447334},
  url = {https://doi.org/10.1063/1.447334},
  year  = {1984},
  month = {7},
  publisher = {{AIP} Publishing},
  volume = {81},
  number = {1},
  pages = {511--519},
  author = {Shuichi Nosé},
  title = {A unified formulation of the constant temperature molecular dynamics methods},
  journal = {The Journal of Chemical Physics}
}

@article{Hoover1985,
  doi = {10.1103/physreva.31.1695},
  url = {https://doi.org/10.1103/physreva.31.1695},
  year  = {1985},
  month = {3},
  publisher = {American Physical Society ({APS})},
  volume = {31},
  number = {3},
  pages = {1695--1697},
  author = {William G. Hoover},
  title = {Canonical dynamics: Equilibrium phase-space distributions},
  journal = {Physical Review A}
}

@article{Cagin1991,
  doi = {10.1080/00268979100100111},
  url = {https://doi.org/10.1080/00268979100100111},
  year  = {1991},
  month = {1},
  publisher = {Informa {UK} Limited},
  volume = {72},
  number = {1},
  pages = {169--175},
  author = {Tahir Çağin and B. Montgomery Pettitt},
  title = {Molecular dynamics with a variable number of molecules},
  journal = {Molecular Physics}
}

@article{Lo1995,
  doi = {10.1063/1.469159},
  url = {https://doi.org/10.1063/1.469159},
  year  = {1995},
  month = {1},
  publisher = {{AIP} Publishing},
  volume = {102},
  number = {2},
  pages = {925--931},
  author = {Chaomei Lo and Bruce Palmer},
  title = {Alternative Hamiltonian for molecular dynamics simulations in the grand canonical ensemble},
  journal = {The Journal of Chemical Physics}
}

@article{Cracknell1995,
  doi = {10.1103/physrevlett.74.2463},
  url = {https://doi.org/10.1103/physrevlett.74.2463},
  year  = {1995},
  month = {3},
  publisher = {American Physical Society ({APS})},
  volume = {74},
  number = {13},
  pages = {2463--2466},
  author = {Roger F. Cracknell and David Nicholson and Nicholas Quirke},
  title = {Direct Molecular Dynamics Simulation of Flow Down a Chemical Potential Gradient in a Slit-Shaped Micropore},
  journal = {Physical Review Letters}
}

@article{Heffelfinger1994,
  doi = {10.1063/1.466849},
  url = {https://doi.org/10.1063/1.466849},
  year  = {1994},
  month = {5},
  publisher = {{AIP} Publishing},
  volume = {100},
  number = {10},
  pages = {7548--7552},
  author = {Grant S. Heffelfinger and Frank van Swol},
  title = {Diffusion in Lennard-Jones fluids using dual control volume grand canonical molecular dynamics simulation ({DCV}-{GCMD})},
  journal = {The Journal of Chemical Physics}
}

@article{Eslami2007,
  doi = {10.1002/jcc.20689},
  url = {https://doi.org/10.1002/jcc.20689},
  year  = {2007},
  publisher = {Wiley},
  volume = {28},
  number = {10},
  pages = {1763--1773},
  author = {Hossein Eslami and Florian M\"{u}ller-Plathe},
  title = {Molecular dynamics simulation in the grand canonical ensemble},
  journal = {Journal of Computational Chemistry}
}

@article{Boinepalli2003,
  doi = {10.1063/1.1629079},
  url = {https://doi.org/10.1063/1.1629079},
  year  = {2003},
  month = {12},
  publisher = {{AIP} Publishing},
  volume = {119},
  number = {24},
  pages = {12769--12775},
  author = {Sharada Boinepalli and Phil Attard},
  title = {Grand canonical molecular dynamics},
  journal = {The Journal of Chemical Physics}
}

@article{DelleSite2016,
  doi = {10.1103/physreve.93.022130},
  url = {https://doi.org/10.1103/physreve.93.022130},
  year  = {2016},
  month = {2},
  publisher = {American Physical Society ({APS})},
  volume = {93},
  number = {2},
  author = {Luigi Delle Site},
  title = {Formulation of Liouville{\textquotesingle}s theorem for grand ensemble molecular simulations},
  journal = {Physical Review E}
}

@article{Ortiz2014,
  doi = {10.1021/jp412354f},
  url = {https://doi.org/10.1021/jp412354f},
  year  = {2014},
  month = {3},
  publisher = {American Chemical Society ({ACS})},
  volume = {118},
  number = {14},
  pages = {7321--7328},
  author = {Guillaume Ortiz and Habiba Nouali and Claire Marichal and Gérald Chaplais and Joël Patarin},
  title = {Versatile Energetic Behavior of {ZIF}-8 upon High Pressure Intrusion{\textendash}Extrusion of Aqueous Electrolyte Solutions},
  journal = {The Journal of Physical Chemistry C}
}

@article{AOrtiz2014,
  doi = {10.1039/c3cp54292k},
  url = {https://doi.org/10.1039/c3cp54292k},
  year  = {2014},
  publisher = {Royal Society of Chemistry ({RSC})},
  volume = {16},
  number = {21},
  pages = {9940--9949},
  author = {Aurélie U. Ortiz and Alexy P. Freitas and Anne Boutin and Alain H. Fuchs and François-Xavier Coudert},
  title = {What makes zeolitic imidazolate frameworks hydrophobic or hydrophilic? The impact of geometry and functionalization on water adsorption},
  journal = {Physical Chememistry Chemical Physics}
}

@article{MichelinJamois2015,
  doi = {10.1103/physrevlett.115.036101},
  url = {https://doi.org/10.1103/physrevlett.115.036101},
  year  = {2015},
  month = {7},
  publisher = {American Physical Society ({APS})},
  volume = {115},
  number = {3},
  author = {Millan Michelin-Jamois and Cyril Picard and Gérard Vigier and Elisabeth Charlaix},
  title = {Giant Osmotic Pressure in the Forced Wetting of Hydrophobic Nanopores},
  journal = {Physical Review Letters}
}

@article{Camblor1996,
  doi = {10.1039/cc9960002365},
  url = {https://doi.org/10.1039/cc9960002365},
  year  = {1996},
  publisher = {Royal Society of Chemistry ({RSC})},
  number = {20},
  pages = {2365},
  author = {Miguel A. Camblor and Avelino Corma and Susana Valencia},
  title = {Spontaneous nucleation and growth of pure silica zeolite-$\beta$ free of connectivity defects},
  journal = {Chemical Communications}
}

@article{Ryzhikov2014,
  doi = {10.1039/c4cp01862a},
  url = {https://doi.org/10.1039/c4cp01862a},
  year  = {2014},
  publisher = {Royal Society of Chemistry ({RSC})},
  volume = {16},
  number = {33},
  pages = {17893--17899},
  author = {A. Ryzhikov and I. Khay and H. Nouali and T. J. Daou and J. Patarin},
  title = {Drastic change of the intrusion-extrusion behavior of electrolyte solutions in pure silica {$\ast$}{BEA}-type zeolite},
  journal = {Physical Chemistry Chemical Physics}
}

@article{Arletti2016,
  doi = {10.1016/j.micromeso.2016.08.024},
  url = {https://doi.org/10.1016/j.micromeso.2016.08.024},
  year  = {2016},
  month = {11},
  publisher = {Elsevier {BV}},
  volume = {235},
  pages = {253--260},
  author = {Rossella Arletti and Laura Ronchi and Simona Quartieri and Giovanna Vezzalini and Andrey Ryzhikov and Habiba Nouali and T. Jean Daou and Joël Patarin},
  title = {Intrusion-extrusion experiments of {MgCl}2 aqueous solution in pure silica ferrierite: Evidence of the nature of intruded liquid by in situ high pressure synchrotron X-ray powder diffraction},
  journal = {Microporous and Mesoporous Materials}
}

@article{Lee2001,
  doi = {10.1021/ja017098h},
  url = {https://doi.org/10.1021/ja017098h},
  year  = {2001},
  month = {12},
  publisher = {American Chemical Society ({ACS})},
  volume = {123},
  number = {50},
  pages = {12732--12733},
  author = {Yongjae Lee and Joseph A. Hriljac and Thomas Vogt and John B. Parise and Gilberto Artioli},
  title = {First Structural Investigation of a Super-Hydrated Zeolite},
  journal = {Journal of the American Chemical Society}
}

@article{Seoung2013,
  doi = {10.1002/chem.201300591},
  url = {https://doi.org/10.1002/chem.201300591},
  year  = {2013},
  month = {7},
  publisher = {Wiley},
  volume = {19},
  number = {33},
  pages = {10876--10883},
  author = {Donghoon Seoung and Yongmoon Lee and Chi-Chang Kao and Thomas Vogt and Yongjae Lee},
  title = {Super-Hydrated Zeolites: Pressure-Induced Hydration in Natrolites},
  journal = {Chemistry - A European Journal}
}

@article{Schneemann2014,
  doi = {10.1039/c4cs00101j},
  url = {https://doi.org/10.1039/c4cs00101j},
  year  = {2014},
  month = {5},
  publisher = {Royal Society of Chemistry ({RSC})},
  volume = {43},
  number = {16},
  pages = {6062--6096},
  author = {A. Schneemann and V. Bon and I. Schwedler and I. Senkovska and S. Kaskel and R. A. Fischer},
  title = {Flexible metal{\textendash}organic frameworks},
  journal = {Chem. Soc. Rev.}
}

@article{Boutin2013,
  doi = {10.1021/jp312179e},
  url = {https://doi.org/10.1021/jp312179e},
  year  = {2013},
  month = {4},
  publisher = {American Chemical Society ({ACS})},
  volume = {117},
  number = {16},
  pages = {8180--8188},
  author = {Anne Boutin and David Bousquet and Aur{\'{e}}lie U. Ortiz and François-Xavier Coudert and Alain H. Fuchs and Anthony Ballandras and Guy Weber and Igor Bezverkhyy and Jean-Pierre Bellat and Guillaume Ortiz and G{\'{e}}rald Chaplais and Jean-Louis Paillaud and Claire Marichal and Habiba Nouali and Joël Patarin},
  title = {Temperature-Induced Structural Transitions in the Gallium-Based {MIL}-53 Metal{\textendash}Organic Framework},
  journal = {The Journal of Physical Chemistry C}
}

@article{Mortada2018,
  doi = {10.1021/acs.jpcc.7b08999},
  url = {https://doi.org/10.1021/acs.jpcc.7b08999},
  year  = {2018},
  month = {2},
  publisher = {American Chemical Society ({ACS})},
  volume = {122},
  number = {7},
  pages = {3846--3855},
  author = {Boushra Mortada and G{\'{e}}rald Chaplais and Vasyl Veremeienko and Habiba Nouali and Claire Marichal and Joël Patarin},
  title = {Energetic Performances of {ZIF}-8 Derivatives: Impact of the Substitution (Me,  Cl,  or Br) on Imidazolate Linker},
  journal = {The Journal of Physical Chemistry C}
}

@article{Haigis2013,
  doi = {10.1039/c3cp53126k},
  url = {https://doi.org/10.1039/c3cp53126k},
  year  = {2013},
  publisher = {Royal Society of Chemistry ({RSC})},
  volume = {15},
  number = {43},
  pages = {19049},
  author = {Volker Haigis and François-Xavier Coudert and Rodolphe Vuilleumier and Anne Boutin},
  title = {Investigation of structure and dynamics of the hydrated metal-organic framework {MIL}-53(Cr) using first-principles molecular dynamics},
  journal = {Physical Chemistry Chemical Physics}
}

@techreport{Plimpton1993,
  doi = {10.2172/10176421},
  url = {https://doi.org/10.2172/10176421},
  year  = {1993},
  month = {5},
  publisher = {Office of Scientific and Technical Information  ({OSTI})},
  author = {S. Plimpton},
  title = {Fast parallel algorithms for short-range molecular dynamics}
}

@article{Berendsen1987,
  doi = {10.1021/j100308a038},
  url = {https://doi.org/10.1021/j100308a038},
  year  = {1987},
  month = {11},
  publisher = {American Chemical Society ({ACS})},
  volume = {91},
  number = {24},
  pages = {6269--6271},
  author = {H. J. C. Berendsen and J. R. Grigera and T. P. Straatsma},
  title = {The missing term in effective pair potentials},
  journal = {The Journal of Physical Chemistry}
}

@article{Fiorin2013,
  doi = {10.1080/00268976.2013.813594},
  url = {https://doi.org/10.1080/00268976.2013.813594},
  year  = {2013},
  month = {12},
  publisher = {Informa {UK} Limited},
  volume = {111},
  number = {22-23},
  pages = {3345--3362},
  author = {Giacomo Fiorin and Michael L. Klein and J{\'{e}}r{\^{o}}me H{\'{e}}nin},
  title = {Using collective variables to drive molecular dynamics simulations},
  journal = {Molecular Physics}
}

@online{WHAM,
  author = {Alan Grossfield},
  title = {WHAM: the weighted histogram analysis method, version 2},
  url = {http://membrane.urmc.rochester.edu/content/wham},
}

@article{Zheng2012,
  doi = {10.1021/jp209463a},
  url = {https://doi.org/10.1021/jp209463a},
  year  = {2012},
  month = {1},
  publisher = {American Chemical Society ({ACS})},
  volume = {116},
  number = {1},
  pages = {933--938},
  author = {Bin Zheng and Marco Sant and Pierfranco Demontis and Giuseppe B. Suffritti},
  title = {Force Field for Molecular Dynamics Computations in Flexible {ZIF}-8 Framework},
  journal = {The Journal of Physical Chemistry C}
}

@article{Chowdhuri2003,
  doi = {10.1063/1.1570405},
  url = {https://doi.org/10.1063/1.1570405},
  year  = {2003},
  month = {6},
  publisher = {{AIP} Publishing},
  volume = {118},
  number = {21},
  pages = {9719--9725},
  author = {Snehasis Chowdhuri and Amalendu Chandra},
  title = {Hydration structure and diffusion of ions in supercooled water: Ion size effects},
  journal = {The Journal of Chemical Physics}
}

@article{Marcus1988,
  doi = {10.1021/cr00090a003},
  url = {https://doi.org/10.1021/cr00090a003},
  year  = {1988},
  month = {12},
  publisher = {American Chemical Society ({ACS})},
  volume = {88},
  number = {8},
  pages = {1475--1498},
  author = {Yizhak Marcus},
  title = {Ionic radii in aqueous solutions},
  journal = {Chemical Reviews}
}

@article{Fogarty2014,
  doi = {10.1002/cphc.201300928},
  url = {https://doi.org/10.1002/cphc.201300928},
  year  = {2014},
  month = {1},
  publisher = {Wiley},
  volume = {15},
  number = {3},
  pages = {521--529},
  author = {Aoife C. Fogarty and François-Xavier Coudert and Anne Boutin and Damien Laage},
  title = {Reorientational Dynamics of Water Confined in Zeolites},
  journal = {ChemPhysChem}
}

@article{Scatena2001,
  doi = {10.1126/science.1059514},
  url = {https://doi.org/10.1126/science.1059514},
  year  = {2001},
  month = {5},
  publisher = {American Association for the Advancement of Science ({AAAS})},
  volume = {292},
  number = {5518},
  pages = {908--912},
  author = {L. F. Scatena},
  title = {Water at Hydrophobic Surfaces: Weak Hydrogen Bonding and Strong Orientation Effects},
  journal = {Science}
}

@article{Jeffery2004,
  doi = {10.1103/physrevb.70.054114},
  url = {https://doi.org/10.1103/physrevb.70.054114},
  year  = {2004},
  month = {8},
  publisher = {American Physical Society ({APS})},
  volume = {70},
  number = {5},
  author = {Steve Jeffery and Peter M. Hoffmann and John B. Pethica and Chandra Ramanujan and H. özg\"{u}r özer and Ahmet Oral},
  title = {Direct measurement of molecular stiffness and damping in confined water layers},
  journal = {Physical Review B}
}

@article{RomeroVargasCastrillon2009,
  doi = {10.1021/jp9025392},
  url = {https://doi.org/10.1021/jp9025392},
  year  = {2009},
  month = {6},
  publisher = {American Chemical Society ({ACS})},
  volume = {113},
  number = {23},
  pages = {7973--7976},
  author = {Santiago Romero-Vargas Castrillón and Nicolás Giovambattista and Ilhan A. Aksay and Pablo G. Debenedetti},
  title = {Evolution from Surface-Influenced to Bulk-Like Dynamics in Nanoscopically Confined Water},
  journal = {The Journal of Physical Chemistry B}
}

@article{Luzar1996,
  doi = {10.1038/379055a0},
  url = {https://doi.org/10.1038/379055a0},
  year  = {1996},
  month = {1},
  publisher = {Springer Nature},
  volume = {379},
  number = {6560},
  pages = {55--57},
  author = {Alenka Luzar and David Chandler},
  title = {Hydrogen-bond kinetics in liquid water},
  journal = {Nature}
}

@article{Bennett2011,
  doi = {10.1039/c1cc11985k},
  url = {https://doi.org/10.1039/c1cc11985k},
  year  = {2011},
  publisher = {Royal Society of Chemistry ({RSC})},
  volume = {47},
  number = {28},
  pages = {7983},
  author = {Thomas D. Bennett and Petra Simoncic and Stephen A. Moggach and Fabia Gozzo and Piero Macchi and David A. Keen and Jin-Chong Tan and Anthony K. Cheetham},
  title = {Reversible pressure-induced amorphization of a zeolitic imidazolate framework ({ZIF}-4)},
  journal = {Chemical Communications}
}

@article{Cao2012,
  doi = {10.1039/c2cc33773h},
  url = {https://doi.org/10.1039/c2cc33773h},
  year  = {2012},
  publisher = {Royal Society of Chemistry ({RSC})},
  volume = {48},
  number = {63},
  pages = {7805},
  author = {Shuai Cao and Thomas D. Bennett and David A. Keen and Andrew L. Goodwin and Anthony K. Cheetham},
  title = {Amorphization of the prototypical zeolitic imidazolate framework {ZIF}-8 by ball-milling},
  journal = {Chemical Communications}
}

@article{AOrtiz2013,
  doi = {10.1021/jz400880p},
  url = {https://doi.org/10.1021/jz400880p},
  year  = {2013},
  month = {5},
  publisher = {American Chemical Society ({ACS})},
  volume = {4},
  number = {11},
  pages = {1861--1865},
  author = {Aurélie U. Ortiz and Anne Boutin and Alain H. Fuchs and François-Xavier Coudert},
  title = {Investigating the Pressure-Induced Amorphization of Zeolitic Imidazolate Framework {ZIF}-8: Mechanical Instability Due to Shear Mode Softening},
  journal = {The Journal of Physical Chemistry Letters}
}

@article{Lanman1934,
  doi = {10.1021/ja01317a033},
  url = {https://doi.org/10.1021/ja01317a033},
  year  = {1934},
  month = {2},
  publisher = {American Chemical Society ({ACS})},
  volume = {56},
  number = {2},
  pages = {390--393},
  author = {Edith H. Lanman and Beveridge J. Mair},
  title = {The Compressibility of Aqueous Solutions},
  journal = {Journal of the American Chemical Society}
}

@article{Karbowiak2009,
  doi = {10.1021/ja903954h},
  url = {https://doi.org/10.1021/ja903954h},
  year  = {2009},
  month = {7},
  publisher = {American Chemical Society ({ACS})},
  volume = {131},
  number = {29},
  pages = {9898--9899},
  author = {Thomas Karbowiak and Christian Paulin and Anthony Ballandras and Guy Weber and Jean-Pierre Bellat},
  title = {Thermal Effects of Water Intrusion in Hydrophobic Nanoporous Materials},
  journal = {Journal of the American Chemical Society}
}

@article{Karbowiak2010,
  doi = {10.1016/j.micromeso.2010.05.001},
  url = {https://doi.org/10.1016/j.micromeso.2010.05.001},
  year  = {2010},
  month = {10},
  publisher = {Elsevier {BV}},
  volume = {134},
  number = {1-3},
  pages = {8--15},
  author = {Thomas Karbowiak and Christian Paulin and Jean-Pierre Bellat},
  title = {Determination of water intrusion heat in hydrophobic microporous materials by high pressure calorimetry},
  journal = {Microporous and Mesoporous Materials}
}

@article{Eroshenko2001,
  doi = {10.1021/ja011011a},
  url = {https://doi.org/10.1021/ja011011a},
  year  = {2001},
  month = {8},
  publisher = {American Chemical Society ({ACS})},
  volume = {123},
  number = {33},
  pages = {8129--8130},
  author = {Valentin Eroshenko and Robert-Charles Regis and Michel Soulard and Joël Patarin},
  title = {Energetics: A New Field of Applications for Hydrophobic Zeolites},
  journal = {Journal of the American Chemical Society}
}

@incollection{Soulard2004,
  doi = {10.1016/s0167-2991(04)80716-x},
  url = {https://doi.org/10.1016/s0167-2991(04)80716-x},
  year  = {2004},
  publisher = {Elsevier},
  pages = {1830--1837},
  author = {M. Soulard and J. Patarin and V. Eroshenko and R. Regis},
  title = {Molecular spring or bumper: A new application for hydrophobic zeolitic materials},
  booktitle = {Recent Advances in the Science and Technology of Zeolites and Related Materials Part B,  Proceedings of the 14th International Zeolite Conference}
}

@article{Saada2010,
  doi = {10.1021/jp109064e},
  url = {https://doi.org/10.1021/jp109064e},
  year  = {2010},
  month = {12},
  publisher = {American Chemical Society ({ACS})},
  volume = {115},
  number = {2},
  pages = {425--430},
  author = {Mohamed Ali Saada and Michel Soulard and Bernd Marler and Hermann Gies and Joël Patarin},
  title = {High-Pressure Water Intrusion Investigation of Pure Silica {RUB}-41 and S-{SOD} Zeolite Materials},
  journal = {The Journal of Physical Chemistry C}
}

@article{Desbiens2005,
  doi = {10.1002/ange.200501250},
  url = {https://doi.org/10.1002/ange.200501250},
  year  = {2005},
  month = {8},
  publisher = {Wiley},
  volume = {117},
  number = {33},
  pages = {5444--5447},
  author = {Nicolas Desbiens and Isabelle Demachy and Alain H. Fuchs and Hel{\`{e}}ne Kirsch-Rodeschini and Michel Soulard and Joël Patarin},
  title = {Water Condensation in Hydrophobic Nanopores},
  journal = {Angewandte Chemie}
}

@article{Humplik2014a,
  doi = {10.1021/la500939t},
  url = {https://doi.org/10.1021/la500939t},
  year  = {2014},
  month = {5},
  publisher = {American Chemical Society ({ACS})},
  volume = {30},
  number = {22},
  pages = {6446--6453},
  author = {Thomas Humplik and Rishi Raj and Shalabh C. Maroo and Tahar Laoui and Evelyn N. Wang},
  title = {Effect of Hydrophilic Defects on Water Transport in {MFI} Zeolites},
  journal = {Langmuir}
}

@article{Humplik2014b,
  doi = {10.1016/j.micromeso.2014.01.026},
  url = {https://doi.org/10.1016/j.micromeso.2014.01.026},
  year  = {2014},
  month = {5},
  publisher = {Elsevier {BV}},
  volume = {190},
  pages = {84--91},
  author = {Thomas Humplik and Rishi Raj and Shalabh C. Maroo and Tahar Laoui and Evelyn N. Wang},
  title = {Framework water capacity and infiltration pressure of {MFI} zeolites},
  journal = {Microporous and Mesoporous Materials}
}

@article{Ortiz2013,
  doi = {10.1039/c3cp00142c},
  url = {https://doi.org/10.1039/c3cp00142c},
  year  = {2013},
  publisher = {Royal Society of Chemistry ({RSC})},
  volume = {15},
  number = {14},
  pages = {4888},
  author = {Guillaume Ortiz and Habiba Nouali and Claire Marichal and G{\'{e}}rald Chaplais and Joël Patarin},
  title = {Energetic performances of the metal{\textendash}organic framework {ZIF}-8 obtained using high pressure water intrusion{\textendash}extrusion experiments},
  journal = {Physical Chemistry Chemical Physics}
}

@article{Grosu2015,
	doi = {10.1039/c5ra19879h},
	url = {https://doi.org/10.1039%2Fc5ra19879h},
	year = 2015,
	publisher = {Royal Society of Chemistry ({RSC})},
	volume = {5},
	number = {109},
	pages = {89498--89502},
	author = {Yaroslav Grosu and Sandrine Gomes and Guillaume Renaudin and Jean-Pierre E. Grolier and Valentine Eroshenko and Jean-Marie Nedelec},
	title = {Stability of zeolitic imidazolate frameworks: effect of forced water intrusion and framework flexibility dynamics},
	journal = {RSC Advances}
}

@article{Yoshinaga1962,
  doi = {10.1080/00380768.1962.10430993},
  url = {https://doi.org/10.1080/00380768.1962.10430993},
  year  = {1962},
  month = {5},
  publisher = {Informa {UK} Limited},
  volume = {8},
  number = {3},
  pages = {22--29},
  author = {Naganori Yoshinaga and Shigenori Aomine},
  title = {Imogolite in some ando soils},
  journal = {Soil Science and Plant Nutrition}
}

@article{Amara2013,
  doi = {10.1039/c3cc46839a},
  url = {https://doi.org/10.1039/c3cc46839a},
  year  = {2013},
  publisher = {Royal Society of Chemistry ({RSC})},
  volume = {49},
  number = {96},
  pages = {11284},
  author = {Mohamed-Salah Amara and Erwan Paineau and Maria Bacia-Verloop and Marie-Eve M. Krapf and Patrick Davidson and Luc Belloni and Cl{\'{e}}ment Levard and J{\'{e}}r{\^{o}}me Rose and Pascale Launois and Antoine Thill},
  title = {Single-step formation of micron long ({OH})3Al2O3Ge({OH}) imogolite-like nanotubes},
  journal = {Chemical Communications}
}

@article{Cradwick1972,
  doi = {10.1038/physci240187a0},
  url = {https://doi.org/10.1038/physci240187a0},
  year  = {1972},
  month = {12},
  publisher = {Springer Nature},
  volume = {240},
  number = {104},
  pages = {187--189},
  author = {P. D. G. Cradwick and V. C. Farmer and J. D. Russell and C. R. Masson and K. Wada and N. Yoshinaga},
  title = {Imogolite,  a Hydrated Aluminium Silicate of Tubular Structure},
  journal = {Nature Physical Science}
}

@article{Lee2011,
  doi = {10.1021/jp108629z},
  url = {https://doi.org/10.1021/jp108629z},
  year  = {2011},
  month = {3},
  publisher = {American Chemical Society ({ACS})},
  volume = {115},
  number = {13},
  pages = {5226--5231},
  author = {Sang Uck Lee and Young Cheol Choi and Sang Gil Youm and Daewon Sohn},
  title = {Origin of the Strain Energy Minimum in Imogolite Nanotubes},
  journal = {The Journal of Physical Chemistry C}
}

@article{Gonzalez2014,
  doi = {10.1021/jp508637q},
  url = {https://doi.org/10.1021/jp508637q},
  year  = {2014},
  month = {11},
  publisher = {American Chemical Society ({ACS})},
  volume = {118},
  number = {48},
  pages = {28227--28233},
  author = {Rafael I. González and Ricardo Ramírez and José Rogan and Juan Alejandro Valdivia and Francisco Munoz and Felipe Valencia and Max Ramírez and Miguel Kiwi},
  title = {Model for Self-Rolling of an Aluminosilicate Sheet into a Single-Walled Imogolite Nanotube},
  journal = {The Journal of Physical Chemistry C}
}

@article{Gustafsson2001,
  doi = {10.1346/ccmn.2001.0490106},
  url = {https://doi.org/10.1346/ccmn.2001.0490106},
  year  = {2001},
  publisher = {Springer Nature},
  volume = {49},
  number = {1},
  pages = {73--80},
  author = {Jon Petter Gustafsson},
  title = {The Surface Chemistry of Imogolite},
  journal = {Clays and Clay Minerals}
}

@article{Guimaraes2007,
  doi = {10.1021/nn700184k},
  url = {https://doi.org/10.1021/nn700184k},
  year  = {2007},
  month = {11},
  publisher = {American Chemical Society ({ACS})},
  volume = {1},
  number = {4},
  pages = {362--368},
  author = {Luciana Guimarães and Andrey N. Enyashin and Johannes Frenzel and Thomas Heine and Hélio A. Duarte and Gotthard Seifert},
  title = {Imogolite Nanotubes: Stability,  Electronic,  and Mechanical Properties},
  journal = {{ACS} Nano}
}

@article{Ackerman1993,
  doi = {10.1021/la00028a029},
  url = {https://doi.org/10.1021/la00028a029},
  year  = {1993},
  month = {4},
  publisher = {American Chemical Society ({ACS})},
  volume = {9},
  number = {4},
  pages = {1051--1057},
  author = {William C. Ackerman and Douglas M. Smith and Jeffrey C. Huling and Yong Wah Kim and Joseph K. Bailey and C. Jeffrey Brinker},
  title = {Gas/vapor adsorption in imogolite: a microporous tubular aluminosilicate},
  journal = {Langmuir}
}

@article{Mukherjee2005,
  doi = {10.1021/cm0505852},
  url = {https://doi.org/10.1021/cm0505852},
  year  = {2005},
  month = {10},
  publisher = {American Chemical Society ({ACS})},
  volume = {17},
  number = {20},
  pages = {4900--4909},
  author = {Sanjoy Mukherjee and Veda M. Bartlow and Sankar Nair},
  title = {Phenomenology of the Growth of Single-Walled Aluminosilicate and Aluminogermanate Nanotubes of Precise Dimensions},
  journal = {Chemistry of Materials}
}

@article{AlvarezRamirez2007,
  doi = {10.1103/physrevb.76.125421},
  url = {https://doi.org/10.1103/physrevb.76.125421},
  year  = {2007},
  month = {9},
  publisher = {American Physical Society ({APS})},
  volume = {76},
  number = {12},
  author = {Fernando Alvarez-Ramírez},
  title = {Ab initiosimulation of the structural and electronic properties of aluminosilicate and aluminogermanate natotubes with imogolite-like structure},
  journal = {Physical Review B}
}

@article{Konduri2008,
  doi = {10.1021/jp8025144},
  url = {https://doi.org/10.1021/jp8025144},
  year  = {2008},
  month = {9},
  publisher = {American Chemical Society ({ACS})},
  volume = {112},
  number = {39},
  pages = {15367--15374},
  author = {Suchitra Konduri and Ho Ming Tong and Shaji Chempath and Sankar Nair},
  title = {Water in Single-Walled Aluminosilicate Nanotubes: Diffusion and Adsorption Properties},
  journal = {The Journal of Physical Chemistry C}
}

@article{Zang2010,
  doi = {10.1021/jz100219q},
  url = {https://doi.org/10.1021/jz100219q},
  year  = {2010},
  month = {3},
  publisher = {American Chemical Society ({ACS})},
  volume = {1},
  number = {8},
  pages = {1235--1240},
  author = {Ji Zang and Shaji Chempath and Suchitra Konduri and Sankar Nair and David S. Sholl},
  title = {Flexibility of Ordered Surface Hydroxyls Influences the Adsorption of Molecules in Single-Walled Aluminosilicate Nanotubes},
  journal = {The Journal of Physical Chemistry Letters}
}

@article{Creton2008,
  doi = {10.1039/b803479f},
  url = {https://doi.org/10.1039/b803479f},
  year  = {2008},
  publisher = {Royal Society of Chemistry ({RSC})},
  volume = {10},
  number = {32},
  pages = {4879},
  author = {Benoît Creton and Daniel Bougeard and Konstantin S. Smirnov and Jean Guilment and Olivier Poncelet},
  title = {Molecular dynamics study of hydrated imogolite : 2. Structure and dynamics of confined water},
  journal = {Physical Chemistry Chemical Physics}
}

@article{Cygan2004,
  doi = {10.1021/jp0363287},
  url = {https://doi.org/10.1021/jp0363287},
  year  = {2004},
  month = {1},
  publisher = {American Chemical Society ({ACS})},
  volume = {108},
  number = {4},
  pages = {1255--1266},
  author = {Randall T. Cygan and Jian-Jie Liang and Andrey G. Kalinichev},
  title = {Molecular Models of Hydroxide,  Oxyhydroxide,  and Clay Phases and the Development of a General Force Field},
  journal = {The Journal of Physical Chemistry B}
}

@article{Gor2016,
  doi = {10.1021/acs.langmuir.6b00923},
  url = {https://doi.org/10.1021/acs.langmuir.6b00923},
  year  = {2016},
  month = {5},
  publisher = {American Chemical Society ({ACS})},
  volume = {32},
  number = {21},
  pages = {5259--5266},
  author = {Gennady Y. Gor and Noam Bernstein},
  title = {Adsorption-Induced Surface Stresses of the Water/Quartz Interface: Ab Initio Molecular Dynamics Study},
  journal = {Langmuir}
}

@article{Gonzalez2016,
  doi = {10.1021/acs.jpcc.6b04564},
  url = {https://doi.org/10.1021/acs.jpcc.6b04564},
  year  = {2016},
  month = {6},
  publisher = {American Chemical Society ({ACS})},
  volume = {120},
  number = {26},
  pages = {14428--14434},
  author = {Rafael I. González and José Rogan and Eduardo M. Bringa and Juan Alejandro Valdivia},
  title = {Mechanical Response of Aluminosilicate Nanotubes under Compression},
  journal = {The Journal of Physical Chemistry C}
}

@article{Teleman1987,
  doi = {10.1080/00268978700100141},
  url = {https://doi.org/10.1080/00268978700100141},
  year  = {1987},
  month = {1},
  publisher = {Informa {UK} Limited},
  volume = {60},
  number = {1},
  pages = {193--203},
  author = {Olle Teleman and Bo Jönsson and Sven Engström},
  title = {A molecular dynamics simulation of a water model with intramolecular degrees of freedom},
  journal = {Molecular Physics}
}

@article{Amara2014,
  doi = {10.1021/jp5029678},
  url = {https://doi.org/10.1021/jp5029678},
  year  = {2014},
  month = {4},
  publisher = {American Chemical Society ({ACS})},
  volume = {118},
  number = {17},
  pages = {9299--9306},
  author = {Mohamed Salah Amara and Stéphan Rouzière and Erwan Paineau and Maria Bacia-Verloop and Antoine Thill and Pascale Launois},
  title = {Hexagonalization of Aluminogermanate Imogolite Nanotubes Organized into Closed-Packed Bundles},
  journal = {The Journal of Physical Chemistry C}
}

@article{Neimark2009,
  doi = {10.1021/jz9003087},
  url = {https://doi.org/10.1021/jz9003087},
  year  = {2009},
  month = {12},
  publisher = {American Chemical Society ({ACS})},
  volume = {1},
  number = {1},
  pages = {445--449},
  author = {Alexander V. Neimark and François-Xavier Coudert and Anne Boutin and Alain H. Fuchs},
  title = {Stress-Based Model for the Breathing of Metal-Organic Frameworks},
  journal = {The Journal of Physical Chemistry Letters}
}

@article{Mouhat2015,
  doi = {10.1021/acs.jpclett.5b01965},
  url = {https://doi.org/10.1021/acs.jpclett.5b01965},
  year  = {2015},
  month = {10},
  publisher = {American Chemical Society ({ACS})},
  volume = {6},
  number = {21},
  pages = {4265--4269},
  author = {Félix Mouhat and David Bousquet and Anne Boutin and Lila Bouëssel du Bourg and François-Xavier Coudert and Alain H. Fuchs},
  title = {Softening upon Adsorption in Microporous Materials: A Counterintuitive Mechanical Response},
  journal = {The Journal of Physical Chemistry Letters}
}

@article{Zang2009,
  doi = {10.1021/nn9001837},
  url = {https://doi.org/10.1021/nn9001837},
  year  = {2009},
  month = {5},
  publisher = {American Chemical Society ({ACS})},
  volume = {3},
  number = {6},
  pages = {1548--1556},
  author = {Ji Zang and Suchitra Konduri and Sankar Nair and David S. Sholl},
  title = {Self-Diffusion of Water and Simple Alcohols in Single-Walled Aluminosilicate Nanotubes},
  journal = {{ACS} Nano}
}

@article{Bernal1933,
  doi = {10.1063/1.1749327},
  url = {https://doi.org/10.1063/1.1749327},
  year  = {1933},
  month = {8},
  publisher = {{AIP} Publishing},
  volume = {1},
  number = {8},
  pages = {515--548},
  author = {J. D. Bernal and R. H. Fowler},
  title = {A Theory of Water and Ionic Solution,  with Particular Reference to Hydrogen and Hydroxyl Ions},
  journal = {The Journal of Chemical Physics}
}

@article{Fogarty2014-2,
  doi = {10.1063/1.4896983},
  url = {https://doi.org/10.1063/1.4896983},
  year  = {2014},
  month = {11},
  publisher = {{AIP} Publishing},
  volume = {141},
  number = {18},
  pages = {18C523},
  author = {Aoife C. Fogarty and Elise Duboué-Dijon and Damien Laage and Ward H. Thompson},
  title = {Origins of the non-exponential reorientation dynamics of nanoconfined water},
  journal = {The Journal of Chemical Physics}
}

@article{Ozkanlar2013,
  doi = {10.1002/jcc.23506},
  url = {https://doi.org/10.1002/jcc.23506},
  year  = {2013},
  month = {12},
  publisher = {Wiley},
  volume = {35},
  number = {6},
  pages = {495--505},
  author = {Abdullah Ozkanlar and Aurora E. Clark},
  title = {{ChemNetworks}: A complex network analysis tool for chemical systems},
  journal = {Journal of Computational Chemistry}
}

@article{Makarov2000,
  doi = {10.1016/s0006-3495(00)76533-7},
  url = {https://doi.org/10.1016/s0006-3495(00)76533-7},
  year  = {2000},
  month = {12},
  publisher = {Elsevier {BV}},
  volume = {79},
  number = {6},
  pages = {2966--2974},
  author = {Vladimir A. Makarov and B. Kim Andrews and Paul E. Smith and B. Montgomery Pettitt},
  title = {Residence Times of Water Molecules in the Hydration Sites of Myoglobin},
  journal = {Biophysical Journal}
}

@incollection{Bonelli2016,
  doi = {10.1016/b978-0-08-100293-3.00012-1},
  url = {https://doi.org/10.1016/b978-0-08-100293-3.00012-1},
  year  = {2016},
  publisher = {Elsevier},
  pages = {279--307},
  author = {B. Bonelli},
  title = {Surface Chemical Modifications of Imogolite},
  booktitle = {Developments in Clay Science}
}
